<?xml version="1.0" encoding="UTF-8"?><collection><record><leader>05890ntm a2200553 a 4500</leader><controlfield tag="001">006806197</controlfield><controlfield tag="003">MiAaHDL</controlfield><controlfield tag="005">20190719000000.0</controlfield><controlfield tag="006">m        d        </controlfield><controlfield tag="007">cr bn ---auaua</controlfield><controlfield tag="008">090602q15751620xx            00| ||ara d</controlfield><datafield tag="035" ind1=" " ind2=" "><subfield code="a">(MiU)006806197</subfield></datafield><datafield tag="035" ind1=" " ind2=" "><subfield code="a">sdr-miu006806197</subfield></datafield><datafield tag="040" ind1=" " ind2=" "><subfield code="a">MiU</subfield><subfield code="c">MiU</subfield><subfield code="e">amremm</subfield></datafield><datafield tag="043" ind1=" " ind2=" "><subfield code="a">n-us-mi</subfield></datafield><datafield tag="100" ind1="1" ind2=" "><subfield code="6">880-01</subfield><subfield code="a">Shaykhʹzādah, Muḥammad ibn Muṣṭafá,</subfield><subfield code="d">-1544 or 1545.</subfield></datafield><datafield tag="240" ind1="1" ind2="0"><subfield code="6">880-02</subfield><subfield code="a">Ḥāshiyat Shaykhʻzādah ʻalá al-Bayḍāwī.</subfield><subfield code="n">Jild 3</subfield></datafield><datafield tag="245" ind1="1" ind2="3"><subfield code="6">880-03</subfield><subfield code="a">[al-Jild al-thālith min Ḥāshiyat Shaykhʻzādah ʻalá al-Bayḍāwī,</subfield><subfield code="f">late 16th or early 17th century].</subfield></datafield><datafield tag="246" ind1="3" ind2=" "><subfield code="i">Edge title (tail):</subfield><subfield code="a">الجلد الثالث من شيخ زاده</subfield></datafield><datafield tag="260" ind1=" " ind2=" "><subfield code="c">[1575-1620].</subfield></datafield><datafield tag="300" ind1=" " ind2=" "><subfield code="a">250 leaves :</subfield><subfield code="b">paper ;</subfield><subfield code="c">207 x 160 (157-175 x 89-107) mm.</subfield></datafield><datafield tag="500" ind1=" " ind2=" "><subfield code="a">Shelfmark: Ann Arbor, University of Michigan, Special Collections Library, Isl. Ms. 463 v.3</subfield></datafield><datafield tag="500" ind1=" " ind2=" "><subfield code="a">Origin: Lacks dated colophon ; paper, etc. suggest late 16th century (around 1580 as with sections of Isl. Ms. 463 v.2 copied on similar anchor in circle marked paper).</subfield></datafield><datafield tag="500" ind1=" " ind2=" "><subfield code="a">Accompanying materials: Insert with glosses paginated pp.15-16.</subfield></datafield><datafield tag="500" ind1=" " ind2=" "><subfield code="a">Former shelfmark: From inner front cover, "IL 91 III" (likely supplied by Yahuda, see acquisitions slip in Isl. Ms. 463 v.2).</subfield></datafield><datafield tag="500" ind1=" " ind2=" "><subfield code="a">Binding: Pasteboards now covered in green-blue paper-backed cloth over dark brown leather with tan leather over spine and fore edge flap ; Type II binding (with flap) ; lower cover carries traces of scalloped mandorla now covered by cloth ; board linings in dull yellow paper ; sewn in dark pink thread, two stations ; worked chevron endbands in cream and dull pink, good condition ; overall in poor condition with lifting and losses of cloth (particularly at spine), abrasion, staining, some curvature and spine slant, etc. ; housed in box for protection.</subfield></datafield><datafield tag="500" ind1=" " ind2=" "><subfield code="a">Support: European laid paper of two main types ; opening type with 10 laid lines per cm. (vertical), chain lines spaced 28-30 mm. apart (horizontal), and anchor in circle with star above watermark (see p.32, etc.), sturdy, fairly thick and crisp, well-burnished ; another type (from p.323 to close) with 8 laid lines per cm. (vertical), chain lines spaced 29-30 mm. apart (horizontal), crown-star-crescent watermark (see p.338, 334, etc.), and "ZA" under trefoil countermark (see p.336, etc.), well-burnished, fairly thick and sturdy.</subfield></datafield><datafield tag="500" ind1=" " ind2=" "><subfield code="a">Decoration: Keywords, abbreviation symbols (mainly two teeth stroke above notable words), and section headings rubricated ; overlining in red ; occasional textual dividers in the form of red discs.</subfield></datafield><datafield tag="500" ind1=" " ind2=" "><subfield code="a">Script: Naskh and nastaʻlīq (talik) ; at least four Turkish / 'Syrian' hands ; opening hand through p.119 compact and virtually serifless with slight effect of inclination to the left and of words descending to baseline, curvilinear descenders, pointing in strokes rather than distinct dots ; pp.120-322 in a smaller, more compact hand, virtually serifless with slight effect of tilt to the left, quite freely ligatured with pointing in strokes rather than distinct dots ; p.323 to close in an elegant nastaʻlīq (talik) and a sweeping naskh.</subfield></datafield><datafield tag="500" ind1=" " ind2=" "><subfield code="a">Layout: Written in 25 lines per page.</subfield></datafield><datafield tag="500" ind1=" " ind2=" "><subfield code="a">Collation: iii, IV (8), III (14), 4 V(54), I (56), 9 V(146), VI (158), II (162), 8 V(242), IV (250), ii ; chiefly quinions ; catchwords present ; foliation in red ink, Hindu-Arabic numerals from p.323 (Sūrat al-Anʻām) ; pagination in pencil, Western numerals, supplied during digitization (includes flyleaves and insert with glosses).</subfield></datafield><datafield tag="500" ind1=" " ind2=" "><subfield code="a">Explicit: "نزلت مرة اخرى جملة واحدة صح ان يقال انها نزلت جملة واحدة والله اعلم تمت سورة الانعام بعون الله الملك العلام ولي الانعام الحمد لله وحده والصلوة والسلام على من لا نبي بعده وعلى آله واصحابه اجمعين والحمد لله رب العالمين تم"</subfield></datafield><datafield tag="500" ind1=" " ind2=" "><subfield code="a">Incipit: "الكافرون اهل الحرب لقوله تعا انما جزاء الذين يحاربون الله ورسوله ..."</subfield></datafield><datafield tag="500" ind1=" " ind2=" "><subfield code="a">Title supplied by cataloguer.</subfield></datafield><datafield tag="500" ind1=" " ind2=" "><subfield code="a">Ms. codex.</subfield></datafield><datafield tag="510" ind1="4" ind2=" "><subfield code="a">Ḥājjī Khalīfah. Kashf al-ẓunūn,</subfield><subfield code="c">I 473-4</subfield></datafield><datafield tag="510" ind1="4" ind2=" "><subfield code="a">Brockelmann, C. GAL</subfield><subfield code="c">I 417 (I. / no.12) ; S I 739 ; S II 650</subfield></datafield><datafield tag="520" ind1="8" ind2=" "><subfield code="a">Careful copy of the third of seven volumes (v.1 and v.4 now lacking) of the commentary by Shaykhʻzādah Muḥammad ibn Muṣṭafá al-Qūjawī (d.1544 or 5) upon al-Bayḍāwī's commentary on the Qurʼān, Anwār al-tanzīl wa-asrār al-taʼwīl, covering Sūrat Āl ʻUmrān (3) through Sūrat al-Anʻām (6).</subfield></datafield><datafield tag="538" ind1=" " ind2=" "><subfield code="a">Mode of access: Internet.</subfield></datafield><datafield tag="541" ind1=" " ind2=" "><subfield code="a">Acquired in 1926 from the bookseller Isaac Benjamin S.E. Yahuda via purchase transacted on his behalf by Abraham Shalom Yahuda (1877-1951), his younger brother.</subfield></datafield><datafield tag="546" ind1=" " ind2=" "><subfield code="a">Arabic.</subfield></datafield><datafield tag="561" ind1=" " ind2=" "><subfield code="a">Numerous glosses and marginal corrections ; occasional notabilia ; effaced circular seal impression in outer margin of p.97 ; collation statement on p.119 "عدد الاجزاء ١٠".</subfield></datafield><datafield tag="600" ind1="1" ind2="0"><subfield code="a">Bayḍāwī, ʻAbd Allāh ibn ʻUmar,</subfield><subfield code="d">-1286?</subfield><subfield code="t">Anwār al-tanzīl wa-asrār al-taʼwīl.</subfield></datafield><datafield tag="630" ind1="0" ind2="0"><subfield code="a">Qurʼan</subfield><subfield code="x">Commentaries</subfield><subfield code="v">Early works to 1800.</subfield></datafield><datafield tag="650" ind1=" " ind2="0"><subfield code="a">Manuscripts, Arabic</subfield><subfield code="z">Michigan</subfield><subfield code="z">Ann Arbor.</subfield></datafield><datafield tag="773" ind1="0" ind2=" "><subfield code="a">Yahuda Collection.</subfield></datafield><datafield tag="880" ind1="1" ind2="2"><subfield code="6">245-03/</subfield><subfield code="a">[الجلد الثالث من حاشية شيخ زاده على البيضاوي,</subfield><subfield code="f">اواخر القرن 16 او اوائل القرن 17م].</subfield></datafield><datafield tag="880" ind1="1" ind2="0"><subfield code="6">240-02/</subfield><subfield code="a">حاشية شيخ زاده على البيضاوي.</subfield><subfield code="n">جلد 3</subfield></datafield><datafield tag="880" ind1="1" ind2=" "><subfield code="6">100-01/</subfield><subfield code="a">شيخ زاده، محمد بن مصطفى القوجوي.</subfield></datafield><datafield tag="CID" ind1=" " ind2=" "><subfield code="a">006806197</subfield></datafield><datafield tag="DAT" ind1="0" ind2=" "><subfield code="a">20190719102637.0</subfield><subfield code="b">20190719000000.0</subfield></datafield><datafield tag="DAT" ind1="1" ind2=" "><subfield code="a">20190719090653.0</subfield><subfield code="b">2019-07-19T16:11:37Z</subfield></datafield><datafield tag="DAT" ind1="2" ind2=" "><subfield code="a">2015-10-02T18:00:03Z</subfield></datafield><datafield tag="CAT" ind1=" " ind2=" "><subfield code="a">SDR-MIU</subfield><subfield code="d">EX LIBRIS - ALEPH</subfield><subfield code="l">prepare.pl-004-008</subfield></datafield><datafield tag="FMT" ind1=" " ind2=" "><subfield code="a">BK</subfield></datafield><datafield tag="HOL" ind1=" " ind2=" "><subfield code="0">sdr-miu006806197</subfield><subfield code="a">MiU</subfield><subfield code="b">SDR</subfield><subfield code="c">MIU</subfield><subfield code="p">mdp.39015079127653</subfield><subfield code="s">MIU</subfield><subfield code="1">006806197</subfield></datafield><datafield tag="974" ind1=" " ind2=" "><subfield code="b">MIU</subfield><subfield code="c">MIU</subfield><subfield code="d">20190719</subfield><subfield code="s">lit-dlps-dc</subfield><subfield code="u">mdp.39015079127653</subfield><subfield code="y">1620</subfield><subfield code="r">pd</subfield><subfield code="q">bib</subfield><subfield code="t">non-US bib date2 &lt; 1879</subfield></datafield></record></collection>